<?xml version="1.0" encoding="UTF-8"?><collection xmlns="http://www.loc.gov/MARC21/slim"><record><leader>00408nam--2200121-i-4500</leader><controlfield tag="001">000013903</controlfield><controlfield tag="002">20161230</controlfield><controlfield tag="005">20161230201030</controlfield><controlfield tag="008">060222s1000------------r-----000-0-eng-d</controlfield><datafield ind1=" " ind2=" " tag="080"><subfield code="a">550.34(061.3)</subfield></datafield><datafield ind1=" " ind2=" " tag="245"><subfield code="a">Comptes rendus des seances de la quatorzieme conference reunie a zurich du 25 sept. au 6 oc tombre 12967</subfield></datafield><datafield ind1=" " ind2=" " tag="260"><subfield code="a">Zurich, Union Geodesique Et Geophysique Intern Ationale, 1967. Dif.P</subfield></datafield><datafield ind1=" " ind2=" " tag="490"><subfield code="a">15 Bis</subfield></datafield></record></collection>